@inproceedings{tian2017deep,
  title={Deep Temporal Architecture for Audiovisual Speech Recognition},
  author={Tian, Chunlin and Yuan, Yuan and Lu, Xiaoqiang},
  booktitle={CCF Chinese Conference on Computer Vision},
  pages={650--661},
  year={2017},
  organization={Springer}
}
@article{yuan2018auxiliary,
  title={Auxiliary Loss Multimodal GRU Model in Audio-Visual Speech Recognition},
  author={Yuan, Yuan and Tian, Chunlin and Lu, Xiaoqiang},
  journal={IEEE Access},
  volume={6},
  pages={5573--5583},
  year={2018},
  publisher={IEEE}
}